% This file was created with JabRef 2.6.
% Encoding: UTF-8

@comment{jabref-entrytype: Bachelorsthesis: req[author;title;school;year] opt[type;address;month;note]}

@comment{jabref-entrytype: Diplomathesis: req[author;title;school;year] opt[type;address;month;note]}

@comment{jabref-entrytype: Webpage: req[title;url] opt[author;editor;note;year;month;lastchecked]}

@inproceedings{exampleentry,
author = {Max Mustermann and John Doe and Mario Rossi and Jean Dupont},
title = {{An Example Title with Double Braces that is Useful for Weird Capitalization and IEEE Acronyms}},
booktitle = {Proceedings of the 7th International Symposium on WeIrd SHit (ISoWISH), Aachen, Germany},
year = 2012,
month = apr,
location = {},
}
