@inproceedings{ownpaper,
	author = {Max Mustermann and John Doe and Mario Rossi and Jean Dupont},
	title = {{A Paper that I Published Before Which my Thesis Builds Upon}},
	booktitle = {Proceedings of the 7th International Symposium on WeIrd SHit (ISoWISH), Aachen, Germany},
	year = 2015,
	month = aug,
}

